@online{wstack,
    author = "StackOverflow",
    title = "Why a full stop, . and not a plus symbol, + for string concatenation in PHP?",
    url  = "https://stackoverflow.com/questions/1866098/why-a-full-stop-and-not-a-plus-symbol-for-string-concatenation-in-php",
    keywords = "stackoverflow,website"
}

@book{bkpm,
  author    = "Contoh Nama Dosen, S.Pd, M.Eng.",
  title     = "Berakhirlah sudah semua kisah ini dan jangan kau tangisi lagi",
  year      = 2002
}
