@online{wstack,
    author = "StackOverflow",
    title = "Why a full stop, . and not a plus symbol, + for string concatenation in PHP?",
    url  = "https://stackoverflow.com/questions/1866098/why-a-full-stop-and-not-a-plus-symbol-for-string-concatenation-in-php",
    keywords = "stackoverflow,website"
}

@online{wphp,
    author = "Wikipedia",
    title = "PHP",
    url  = "https://id.wikipedia.org/wiki/PHP",
    keywords = "wikipedia,website"
}

@book{bkpm,
  author    = "Khafidurrohman Agustianto, S.Pd, M.Eng.",
  title     = "Instalasi Composer dan GitHub",
  year      = 2022
}
